

@inproceedings{kedem2012non,
  title={Non-linear metric learning},
  author={Kedem, Dor and Tyree, Stephen and Sha, Fei and Lanckriet, Gert R and Weinberger, Kilian Q},
  booktitle={Advances in Neural Information Processing Systems},
  pages={2573--2581},
  year={2012}
}

@inproceedings{roweis17neighbourhood,
  title={Neighbourhood component analysis},
  author={Roweis, Sam and Hinton, Gf and Salakhutdinov, R},
  booktitle={Neural Information Processing Systems},
  volume={17},
  pages={513--520}
}

@inproceedings{coates2012emergence,
  title={Emergence of object-selective features in unsupervised feature learning},
  author={Coates, Adam and Karpathy, Andrej and Ng, Andrew Y},
  booktitle={Advances in Neural Information Processing Systems},
  pages={2681--2689},
  year={2012}
}

@inproceedings{coates2011analysis,
  title={An analysis of single-layer networks in unsupervised feature learning},
  author={Coates, Adam and Ng, Andrew Y and Lee, Honglak},
  booktitle={International Conference on Artificial Intelligence and Statistics},
  pages={215--223},
  year={2011}
}

@inproceedings{salakhutdinov2007learning,
  title={Learning a nonlinear embedding by preserving class neighbourhood structure},
  author={Salakhutdinov, Ruslan and Hinton, Geoffrey E},
  booktitle={International Conference on Artificial Intelligence and Statistics},
  pages={412--419},
  year={2007}
}

@article{piantadosi2012approximate,
  title = {Approximate number from first principles},
  author = {S.T. Piantadosi},
  journal = {},
  year = {Under review},
  url = {http://colala.bcs.rochester.edu/papers/piantadosi2012approximate.pdf},
  mycategories = {lab,personal}
}

@article{dehaene2003neural,
  title={The neural basis of the Weber--Fechner law: a logarithmic mental number line},
  author={Dehaene, Stanislas},
  journal={Trends in cognitive sciences},
  volume={7},
  number={4},
  pages={145--147},
  year={2003},
  publisher={Elsevier}
}

@article{erhan2010,
title={Why does unsupervised pre-training help deep learning?},
author={Erhan, Dumitru and Bengio, Yoshua and Courville, Aaron and Manzagol, Pierre-Antoine and Vincent, Pascal and Bengio, Samy},
journal={The Journal of Machine Learning Research},
volume={11},
pages={625--660},
year={2010},
}

@article{rumelhart1986learning,
  title={Learning representations by back-propagating errors},
  author={Rummelhart, DE and Hinton, GE and Williams, RJ},
  journal={Nature},
  volume={323},
  number={9},
  pages={533--536},
  year={1986}
}

@article{zorzi2013modeling,
  title={Modeling language and cognition with deep unsupervised learning: a tutorial overview},
  author={Zorzi, Marco and Testolin, Alberto and Stoianov, Ivilin P},
  journal={Frontiers in Psychology},
  volume={4},
  year={2013},
  publisher={Frontiers Media SA}
}

@book{rogers2004semantic,
  title={Semantic cognition: A parallel distributed processing approach},
  author={Rogers, Timothy T and McClelland, James L},
  year={2004},
  publisher={MIT press}
}

@article{rumelhart1993learning,
  title={Learning and connectionist representations},
  author={Rumelhart, David E and Todd, Peter M},
  journal={Attention and performance XIV: Synergies in experimental psychology, artificial intelligence, and cognitive neuroscience},
  pages={3--30},
  year={1993}
}

@article{fukushima1980neocognitron,
  title={Neocognitron: A self-organizing neural network model for a mechanism of pattern recognition unaffected by shift in position},
  author={Fukushima, Kunihiko},
  journal={Biological cybernetics},
  volume={36},
  number={4},
  pages={193--202},
  year={1980},
  publisher={Springer}
} 

@inproceedings{zorzi13developmental, 
  title={Developmental trajectories of numerosity perception}, 
  author={I. Stoianov and M. Zorzi}, 
  booktitle={TBD}, 
  year={2013} 
} 

@book{bishop2006pattern,
  title={Pattern recognition and machine learning},
  author={Bishop, Christopher M and others},
  volume={1},
  year={2006},
  publisher={springer New York}
}

@article{hepper1991examination,
  title={An examination of fetal learning before and after birth},
  author={Hepper, Peter G},
  journal={The Irish Journal of Psychology},
  volume={12},
  number={2},
  pages={95--107},
  year={1991},
  publisher={Taylor \& Francis}
}

@inproceedings{saxe2011random,
  title={On random weights and unsupervised feature learning},
  author={Saxe, Andrew and Koh, Pang W and Chen, Zhenghao and Bhand, Maneesh and Suresh, Bipin and Ng, Andrew Y},
  booktitle={Proceedings of the 28th International Conference on Machine Learning (ICML-11)},
  pages={1089--1096},
  year={2011}
}

@article{pinto2009high,
  title={A high-throughput screening approach to discovering good forms of biologically inspired visual representation},
  author={Pinto, Nicolas and Doukhan, David and DiCarlo, James J and Cox, David D},
  journal={PLoS computational biology},
  volume={5},
  number={11},
  pages={e1000579},
  year={2009},
  publisher={Public Library of Science}
}

@article{widrow2013no,
  title={The< i> No-Prop</i> algorithm: A new learning algorithm for multilayer neural networks},
  author={Widrow, Bernard and Greenblatt, Aaron and Kim, Youngsik and Park, Dookun},
  journal={Neural Networks},
  volume={37},
  pages={182--188},
  year={2013},
  publisher={Elsevier}
}

@article{jaeger2007special,
  title={Special issue on echo state networks and liquid state machines},
  author={Jaeger, Herbert and Maass, Wolfgang and Principe, Jose},
  journal={Neural Networks},
  volume={20},
  number={3},
  pages={287--289},
  year={2007},
  publisher={Pergamon}
}

@article{hinton2007learning,
  title={Learning multiple layers of representation},
  author={Hinton, Geoffrey E},
  journal={Trends in cognitive sciences},
  volume={11},
  number={10},
  pages={428--434},
  year={2007},
  publisher={Elsevier}
}

@article{riesenhuber1999hierarchical,
  title={Hierarchical models of object recognition in cortex},
  author={Riesenhuber, Maximilian and Poggio, Tomaso},
  journal={Nature neuroscience},
  volume={2},
  number={11},
  pages={1019--1025},
  year={1999},
  publisher={Nature Publishing Group}
}

@article{felleman1991distributed,
  title={Distributed hierarchical processing in the primate cerebral cortex},
  author={Felleman, Daniel J and Van Essen, David C},
  journal={Cerebral cortex},
  volume={1},
  number={1},
  pages={1--47},
  year={1991},
  publisher={Oxford Univ Press}
}

@article{hubel1962receptive,
  title={Receptive fields, binocular interaction and functional architecture in the cat's visual cortex},
  author={Hubel, David H and Wiesel, Torsten N},
  journal={The Journal of physiology},
  volume={160},
  number={1},
  pages={106},
  year={1962},
  publisher={Blackwell Publishing}
}

@article{hubel1965receptive,
  title={Receptive fields and functional architecture in two nonstriate visual areas (18 and 19) of the cat.},
  author={Hubel, David H and Wiesel, Torsten N},
  journal={Journal of Neurophysiology},
  year={1965},
  publisher={American Physiological Society}
}

@article{lee2011unsupervised,
  title={Unsupervised learning of hierarchical representations with convolutional deep belief networks},
  author={Honglak Lee and Roger Grosse and Rajesh Ranganath and A.~Y. Ng},
  journal={Communications of the ACM},
  volume={54},
  number={10},
  pages={95--103},
  year={2011},
  publisher={ACM}
}

@article{mcclelland1981interactive,
  title={An interactive activation model of context effects in letter perception: I. An account of basic findings.},
  author={McClelland, James L and Rumelhart, David E},
  journal={Psychological review},
  volume={88},
  number={5},
  pages={375},
  year={1981},
  publisher={American Psychological Association}
}

@article{mcclelland2013integrating,
  title={Integrating probabilistic models of perception and interactive neural networks: a historical and tutorial review},
  author={McClelland, James L},
  journal={Frontiers in Psychology},
  volume={4},
  year={2013},
  publisher={Frontiers Media SA}
}

@book{weber1905tastsinn,
  title={Tastsinn und Gemeingef{\"u}hl},
  author={Weber, Ernst Heinrich},
  volume={149},
  year={1905},
  publisher={W. Engelmann}
}

@article{pica2004exact,
  title={Exact and approximate arithmetic in an Amazonian indigene group},
  author={Pica, Pierre and Lemer, Cathy and Izard, V{\'e}ronique and Dehaene, Stanislas},
  journal={Science},
  volume={306},
  number={5695},
  pages={499--503},
  year={2004},
  publisher={American Association for the Advancement of Science}
} 

@article{piazza2004tuning,
  title={Tuning curves for approximate numerosity in the human intraparietal sulcus},
  author={Piazza, Manuela and Izard, Veronique and Pinel, Philippe and Le Bihan, Denis and Dehaene, Stanislas},
  journal={Neuron},
  volume={44},
  number={3},
  pages={547--555},
  year={2004},
  publisher={Elsevier}
} 

@book{dehaene2011number,
  title={The number sense: How the mind creates mathematics},
  author={Dehaene, Stanislas},
  year={2011},
  publisher={Oxford University Press}
}

@article{nieder2005counting,
  title={Counting on neurons: the neurobiology of numerical competence},
  author={Nieder, Andreas},
  journal={Nature Reviews Neuroscience},
  volume={6},
  number={3},
  pages={177--190},
  year={2005},
  publisher={Nature Publishing Group}
}

@article{piazza2004tuning,
  title={Tuning curves for approximate numerosity in the human intraparietal sulcus},
  author={Piazza, Manuela and Izard, Veronique and Pinel, Philippe and Le Bihan, Denis and Dehaene, Stanislas},
  journal={Neuron},
  volume={44},
  number={3},
  pages={547--555},
  year={2004},
  publisher={Elsevier}
}

@article{feigenson2004core,
  title={Core systems of number},
  author={Feigenson, Lisa and Dehaene, Stanislas and Spelke, Elizabeth},
  journal={Trends in cognitive sciences},
  volume={8},
  number={7},
  pages={307--314},
  year={2004},
  publisher={Elsevier}
}

@article{halberda2008developmental,
  title={Developmental change in the acuity of the" Number Sense": The Approximate Number System in 3-, 4-, 5-, and 6-year-olds and adults.},
  author={Halberda, Justin and Feigenson, Lisa},
  journal={Developmental psychology},
  volume={44},
  number={5},
  pages={1457},
  year={2008},
  publisher={American Psychological Association}
}

@article{odic2013developmental,
  title={Developmental change in the acuity of approximate number and area representations.},
  author={Odic, Darko and Libertus, Melissa E and Feigenson, Lisa and Halberda, Justin},
  journal={Developmental psychology},
  volume={49},
  number={6},
  pages={1103},
  year={2013},
  publisher={American Psychological Association}
}

@article{xu2005number,
  title={Number sense in human infants},
  author={Xu, Fei and Spelke, Elizabeth S and Goddard, Sydney},
  journal={Developmental science},
  volume={8},
  number={1},
  pages={88--101},
  year={2005},
  publisher={Wiley Online Library}
} 

@article{booth2008numerical,
  title={Numerical magnitude representations influence arithmetic learning},
  author={Booth, Julie L and Siegler, Robert S},
  journal={Child development},
  volume={79},
  number={4},
  pages={1016--1031},
  year={2008},
  publisher={Wiley Online Library}
} 

@article{jordan2007predicting,
  title={Predicting first-grade math achievement from developmental number sense trajectories},
  author={Jordan, Nancy C and Kaplan, David and Locuniak, Maria N and Ramineni, Chaitanya},
  journal={Learning Disabilities Research \& Practice},
  volume={22},
  number={1},
  pages={36--46},
  year={2007},
  publisher={Wiley Online Library}
}

@article{nieder2004parieto,
  title={A parieto-frontal network for visual numerical information in the monkey},
  author={Nieder, Andreas and Miller, Earl K},
  journal={Proceedings of the National Academy of Sciences of the United States of America},
  volume={101},
  number={19},
  pages={7457--7462},
  year={2004},
  publisher={National Acad Sciences}
}

@article{nieder2003coding,
  title={Coding of cognitive magnitude: Compressed scaling of numerical information in the primate prefrontal cortex},
  author={Nieder, Andreas and Miller, Earl K},
  journal={Neuron},
  volume={37},
  number={1},
  pages={149--157},
  year={2003},
  publisher={Elsevier}
}

@article{dehaene1993development,
  title={Development of elementary numerical abilities: A neuronal model},
  author={Dehaene, Stanislas and Changeux, Jean-Pierre},
  journal={Journal of Cognitive Neuroscience},
  volume={5},
  number={4},
  pages={390--407},
  year={1993},
  publisher={MIT Press}
}

@article{verguts2004representation,
  title={Representation of number in animals and humans: a neural model},
  author={Verguts, Tom and Fias, Wim},
  journal={Journal of Cognitive Neuroscience},
  volume={16},
  number={9},
  pages={1493--1504},
  year={2004},
  publisher={MIT Press}
}

@article{verguts2004representation,
  title={Representation of number in animals and humans: a neural model},
  author={Verguts, Tom and Fias, Wim},
  journal={Journal of Cognitive Neuroscience},
  volume={16},
  number={9},
  pages={1493--1504},
  year={2004},
  publisher={MIT Press}
}

@article{verguts2004representation,
  title={Representation of number in animals and humans: a neural model},
  author={Verguts, Tom and Fias, Wim},
  journal={Journal of Cognitive Neuroscience},
  volume={16},
  number={9},
  pages={1493--1504},
  year={2004},
  publisher={MIT Press}
}

@article{davidson2012does, 
  title={Does learning to count involve a semantic induction?},
  author={Davidson, Kathryn and Eng, Kortney and Barner, David},
  journal={Cognition},
  volume={123},
  number={1},
  pages={162--173},
  year={2012},
  publisher={Elsevier}
} 

@article{nieder2004parieto,
  title={A parieto-frontal network for visual numerical information in the monkey},
  author={Nieder, Andreas and Miller, Earl K},
  journal={Proceedings of the National Academy of Sciences of the United States of America},
  volume={101},
  number={19},
  pages={7457--7462},
  year={2004},
  publisher={National Acad Sciences}
} 

@article{harvey2013topographic, 
  title={Topographic Representation of Numerosity in the Human Parietal Cortex},
  author={Harvey, B. M. and Klein, B. P. and Petridou, N and Dumoulin, S. O.},
  journal={Science},
  year={2013},
}

@article{piazza2010developmental,
  title={Developmental trajectory of number acuity reveals a severe impairment in developmental dyscalculia},
  author={Piazza, Manuela and Facoetti, Andrea and Trussardi, Anna Noemi and Berteletti, Ilaria and Conte, Stefano and Lucangeli, Daniela and Dehaene, Stanislas and Zorzi, Marco},
  journal={Cognition},
  volume={116},
  number={1},
  pages={33--41},
  year={2010},
  publisher={Elsevier}
}

@article{odic2013developmental,
  title={Developmental change in the acuity of approximating area and approximating number.},
  author={Odic, Darko and Libertus, Melissa and Feigenson, Lisa and Halberda, Justin},
  journal={Developmental psychology},
  volume={49},
  pages={1103-1112},
  year={2013},
  publisher={American Psychological Association}
}

@article{halberda2008developmental,
  title={Developmental change in the acuity of the" Number Sense": The Approximate Number System in 3-, 4-, 5-, and 6-year-olds and adults.},
  author={Halberda, Justin and Feigenson, Lisa},
  journal={Developmental psychology},
  volume={44},
  number={5},
  pages={1457},
  year={2008},
  publisher={American Psychological Association}
}

@article{xu2005number,
  title={Number sense in human infants},
  author={Xu, Fei and Spelke, Elizabeth S and Goddard, Sydney},
  journal={Developmental science},
  volume={8},
  number={1},
  pages={88--101},
  year={2005},
  publisher={Wiley Online Library}
}

@book{dehaene2011space,
  title={Space, time and number in the brain: Searching for the foundations of mathematical thought},
  author={Dehaene, Stanislas and Brannon, Elizabeth},
  year={2011},
  publisher={Academic Press}
}

@inproceedings{boureau2010theoretical,
  title={A theoretical analysis of feature pooling in visual recognition},
  author={Boureau, Y-Lan and Ponce, Jean and LeCun, Yann},
  booktitle={Proceedings of the 27th International Conference on Machine Learning (ICML-10)},
  pages={111--118},
  year={2010}
}

@article{rumelhart1986parallel, 
  title={Parallel distributed processing: Explorations in the microstructure of cognition.}, 
  author={Rumelhart, D. E. and McClelland, J. L. and the PDP research group.}, 
  volume={1}, 
  year={1986}, 
  publisher={Citeseer} 
}

@article{ballard1983parallel,
  title={Parallel visual computation},
  author={Ballard, Dana H and Hinton, Geoffrey E and Sejnowski, Terrence J},
  journal={Nature},
  volume={306},
  number={5938},
  pages={21--26},
  year={1983},
  publisher={Citeseer}
} 

@article{hinton1979imagery,
  title={Imagery without arrays},
  author={Hinton, Geoffrey},
  journal={Behavioral and Brain Sciences},
  volume={2},
  number={04},
  pages={555--556},
  year={1979},
  publisher={Cambridge Univ Press}
} 

@article{seidenberg1989distributed,
  title={A distributed, developmental model of word recognition and naming.},
  author={Seidenberg, Mark S and McClelland, James L},
  journal={Psychological review},
  volume={96},
  number={4},
  pages={523},
  year={1989},
  publisher={American Psychological Association}
} 

@inproceedings{bengio2009curriculum, 
  title={Curriculum learning}, 
  author={Bengio, Yoshua and Louradour, J{\'e}r{\^o}me and Collobert, Ronan and Weston, Jason}, 
  booktitle={Proceedings of the 26th annual international conference on machine learning}, 
  pages={41--48}, 
  year={2009}, 
  organization={ACM} 
} 

@inproceedings{Zou14, 
  title={Generic Object Detection with Dense Neural Patterns and Regionlets}, 
  author={Zou, Will Y. and Wang, Xiaoyu and Miao, Sun and Lin, Yuanqing}, 
  booktitle={Under review for ICML 2014}, 
  year={2014}, 
} 

@inproceedings{deng2009imagenet,
  title={Imagenet: A large-scale hierarchical image database},
  author={Deng, Jia and Dong, Wei and Socher, Richard and Li, Li-Jia and Li, Kai and Fei-Fei, Li},
  booktitle={Computer Vision and Pattern Recognition, 2009. CVPR 2009. IEEE Conference on},
  pages={248--255},
  year={2009},
  organization={IEEE}
}

@misc{pascal-voc-2010,
	author = "Everingham, M. and Van~Gool, L. and Williams, C. K. I. and Winn, J. and Zisserman, A.",
	title = "The {PASCAL} {V}isual {O}bject {C}lasses {C}hallenge 2010 {(VOC2010)} {R}esults",
	howpublished = "http://www.pascal-network.org/challenges/VOC/voc2010/workshop/index.html",
        year={2010},
}

@article{krizhevsky2010convolutional,
  title={Convolutional deep belief networks on cifar-10},
  author={Krizhevsky, Alex},
  journal={Unpublished manuscript},
  year={2010},
  publisher={Citeseer}
}

@article{hyvarinen2000emergence,
  title={Emergence of phase-and shift-invariant features by decomposition of natural images into independent feature subspaces},
  author={Hyv{\"a}rinen, Aapo and Hoyer, Patrik},
  journal={Neural Computation},
  volume={12},
  number={7},
  pages={1705--1720},
  year={2000},
  publisher={MIT Press}
}

@article{serre2007robust,
  title={Robust object recognition with cortex-like mechanisms},
  author={Serre, Thomas and Wolf, Lior and Bileschi, Stanley and Riesenhuber, Maximilian and Poggio, Tomaso},
  journal={Pattern Analysis and Machine Intelligence, IEEE Transactions on},
  volume={29},
  number={3},
  pages={411--426},
  year={2007},
  publisher={IEEE}
}
@article{lecun1995convolutional,
  title={Convolutional networks for images, speech, and time series},
  author={LeCun, Yann and Bengio, Yoshua},
  journal={The handbook of brain theory and neural networks},
  volume={3361},
  year={1995},
  publisher={Cambridge, MA: MIT Press}
}
@article{li2008unsupervised,
  title={Unsupervised natural experience rapidly alters invariant object representation in visual cortex},
  author={Li, Nuo and DiCarlo, James J},
  journal={Science},
  volume={321},
  number={5895},
  pages={1502--1507},
  year={2008},
  publisher={American Association for the Advancement of Science}
}
@article{cox2005breaking,
  title={'Breaking'position-invariant object recognition},
  author={Cox, David D and Meier, Philip and Oertelt, Nadja and DiCarlo, James J},
  journal={Nature neuroscience},
  volume={8},
  number={9},
  pages={1145--1147},
  year={2005},
  publisher={Nature Publishing Group}
}
@inproceedings{ngiam2010tiled,
  title={Tiled convolutional neural networks},
  author={Ngiam, Jiquan and Chen, Zhenghao and Chia, Daniel and Koh, Pang W and Le, Quoc V and Ng, Andrew},
  booktitle={Advances in Neural Information Processing Systems},
  pages={1279--1287},
  year={2010}
}

@inproceedings{lee2009convolutional,
  title={Convolutional deep belief networks for scalable unsupervised learning of hierarchical representations},
  author={Lee, Honglak and Grosse, Roger and Ranganath, Rajesh and Ng, Andrew Y},
  booktitle={Proceedings of the 26th Annual International Conference on Machine Learning},
  pages={609--616},
  year={2009},
  organization={ACM}
}

@inproceedings{coates2011importance,
  title={The importance of encoding versus training with sparse coding and vector quantization},
  author={Coates, Adam and Ng, Andrew},
  booktitle={Proceedings of the 28th International Conference on Machine Learning (ICML-11)},
  pages={921--928},
  year={2011}
}

@article{wiskott2002slow,
  title={Slow feature analysis: Unsupervised learning of invariances},
  author={Wiskott, Laurenz and Sejnowski, Terrence J},
  journal={Neural computation},
  volume={14},
  number={4},
  pages={715--770},
  year={2002},
  publisher={MIT Press}
}

@article{hinton1984distributed,
  title={Distributed representations},
  author={Hinton, Geoffrey E},
  year={1984}
}

@article{seidenberg1989distributed,
  title={A distributed, developmental model of word recognition and naming.},
  author={Seidenberg, Mark S and McClelland, James L},
  journal={Psychological review},
  volume={96},
  number={4},
  pages={523},
  year={1989},
  publisher={American Psychological Association}
} 

@article{rumelhart1986parallel,
  title={Parallel distributed processing: explorations in the microstructure of cognition. Volume 1. Foundations},
  author={Rumelhart, David E and McClelland, James L},
  volume={1},
  year={1986},
  publisher={MIT Press, Cambridge, MA}
}

@article{nieder2005counting,
  title={Counting on neurons: the neurobiology of numerical competence},
  author={Nieder, Andreas},
  journal={Nature Reviews Neuroscience},
  volume={6},
  number={3},
  pages={177--190},
  year={2005},
  publisher={Nature Publishing Group}
}

@inproceedings{wangregionlets,
  title={Regionlets for Generic Object Detection},
  author={Wang, Xiaoyu and Yang, Ming and Zhu, Shenghuo and Lin, Yuanqing},
  booktitle={International Conference on Computer Vision},
  year={2013}
}

@inproceedings{krizhevsky2012imagenet,
  title={Imagenet classification with deep convolutional neural networks},
  author={Krizhevsky, Alex and Sutskever, Ilya and Hinton, Geoff},
  booktitle={Advances in Neural Information Processing Systems 25},
  pages={1106--1114},
  year={2012}
}

@inproceedings{mnih2007three,
  title={Three new graphical models for statistical language modelling},
  author={Mnih, Andriy and Hinton, Geoffrey},
  booktitle={Proceedings of the 24th international conference on Machine learning},
  pages={641--648},
  year={2007},
  organization={ACM}
}

@inproceedings{collobert2008unified,
  title={A unified architecture for natural language processing: Deep neural networks with multitask learning},
  author={Collobert, Ronan and Weston, Jason},
  booktitle={Proceedings of the 25th international conference on Machine learning},
  pages={160--167},
  year={2008},
  organization={ACM}
}

@incollection{bengio2006neural,
  title={Neural probabilistic language models},
  author={Bengio, Yoshua and Schwenk, Holger and Sen{\'e}cal, Jean-S{\'e}bastien and Morin, Fr{\'e}deric and Gauvain, Jean-Luc},
  booktitle={Innovations in Machine Learning},
  pages={137--186},
  year={2006},
  publisher={Springer}
}

@article{mcclelland1987parallel,
  title={Parallel distributed processing},
  author={McClelland, James L and Rumelhart, David E and others},
  journal={Psychological and biological models},
  volume={2},
  year={1987},
  publisher={Citeseer}
}

McClelland, James L., and David E. Rumelhart. "Parallel distributed processing." Psychological and biological models 2 (1987).

@inproceedings{Zou13numbers, 
author="Will Y. Zou and James L. McClelland", 
title="Progressive Development of the Number Sense in a Deep Network", 
year="2013", 
booktitle="Proceedings of the Annual Conference of the Cognitive Science Society, 2013." 
} 

@inproceedings{Zou13, 
author="Will Y. Zou and Richard Socher and Daniel Cer and Christopher D. Manning", 
title="Bilingual Embeddings for Phrase-based Machine Translation", 
year="2013", 
booktitle="Proceedings of Conference on Empirical Methods in Natural Language Processing." 
} 

@inproceedings{Le11video, 
author="Quoc V. Le and Will Y. Zou and Serena Y. Yeung and Andrew Y. Ng", 
title="Learning Hierarchical Spatio-temporal Features for Action Recognition with Independent Subspace Analysis", 
year="2011", 
booktitle="Proceedings of IEEE Computer Society Conference on Computer Vision and Pattern Recognition." 
} 

@inproceedings{Zou12, 
author="Will Y. Zou and Shenghuo Zhu and Andrew Y. Ng and Kai Yu",
title="Deep Learning of Invariant Features via Simulated Fixations in Video",
year="2012", 
booktitle="Neural IPS" 
}

@inproceedings{Zeiler13, 
author="M. D. Zeiler, M. Ranzato, R. Monga, M. Mao, K. Yang, Q. V. Le, P. Nguyen, A. Senior, V. Vanhoucke, J. Dean and G. E. Hinton", 
title="On Rectified Linear Unites for Speech Processing", 
year="2013", 
booktitle="ICASSP" 
}

@inproceedings{Le11, 
author="Le, Q. and Karpenko, A. and Ngiam, J. and Ng, A.", 
title="ICA with Reconstruction Cost for Efficient Overcomplete Feature Learning", 
year="2011", 
booktitle={Advances in Neural Information Processing Systems},
}

@inproceedings{Krizhevsky12, 
author="A. Krizhevsky, I. Sutskever and G. E. Hinton", 
title="ImageNet Classification with Deep Convolutional Neural Networks", 
year="2012", 
booktitle={Advances in Neural Information Processing Systems},
}

@inproceedings{Le12, 
author="Le, Q. and Ranzato, M. and Monga, R. and Devin, M. and Chen, K. and Corrado, G.S. and Ng, A.", 
title="Building high-level features using large scale unsupervised learning",
year="2012", 
booktitle="ICML" 
}

@inproceedings{Everingham12, 
author="M. Everingham and L. Van-Gool and C. K. I. Williams and J. Winn and A. Zisserman", 
title="The PASCAL Visual Object Classes Challenge 2012 Results", 
year="2012", 
booktitle="http://www.pascal-network.org/challenges/VOC/voc2012/workshop/index.html" 
}

@article{Halberda08, 
author="J. Halberda, M. M. M. Mazzocco and L. Feigenson", 
title="Individual differences in non-verbal number acuity correlate with maths achievement", 
year="2008", 
journal="Nature" 
}

@article{Halberda08a, 
author="J. Halberda and L. Feigenson", 
title="Developmental Change in the Acuity of the Number Sence: The Approximate Number System in 3-, 4-, 5-, and 6-Year-Olds and Adults.",
year="2008", 
journal="Developmental Psychology, 44, 1457-1465" 
} 

@article{Hinton10, 
author="G. Hinton",
title="A Practical Guide to Training Restricted Boltzmann Machines",
year="2010",
journal="Technical Report, Department of Computer Science, University of Toronto"
}

@article{Mohamed12, 
author="A. Mohamed, G. E. Dahl and G. E. Hinton", 
title="Acoustic Modeling using Deep Belief Networks", 
year="2012", 
journal="IEEE Trans. on Audio, Speech, and Language Processing, 20, pp 14-22" 
}

@article{Piazza10, 
author="M. Piazza and A. Facoetti and A. N. Trussardi and I. Berteletti and S. Conte and D. Lucangeli and S. Dehaene and M. Zorzi",
title="Developmental Trajectory of Number Acuity Reveals a Severe Impairment in Developmental Dyscalculia",
year="2010",
journal="Cognition"
}

@article{Bower66, 
author="T. Bower", 
title="The Visual World of Infants", 
year="1966", 
journal="Scientific American" 
}

@article(Dehaene93, 
author="S. Dehaene and J. Changeux",
title="Development of Elementary Numerical Abilities: A Neuronal Model",
year="1993",
journal="Journal of Cognitive Neuroscience"
}

@article(Gallistel00,
author="C. R. Gallistel and R. Gelman"
title="Non-verbal numerical cognition: from reals to integers.",
year="2000",
journal="Trends in Cognitive Science"
}

@article(Piazza07,
author="M. Piazza and V. Izard and P. Pinel and D. L. Bihan and S. Dehaene",
title="Tuning curves for approximate numerosity in the human intraparietal sulcus",
year="2007",
journal="Neuron"
}

@inproceedings{Saxe11, 
author="A. Saxe and M. Bhand and R. Mudur and B. Suresh and A. Ng", 
title="Unsupervised Learning Models of Primary Cortical Receptive Fields and Receptive Field Plasticity",
year="2011",
booktitle={Advances in Neural Information Processing Systems},
}

@inproceedings{Vincent08, 
author="P. Vincent and H. Larochelle and Y. Bengio and P. Manzagol",
title="Extracting and Composing Robust Features with Denoising Autoencoders",
year="2010",
booktitle="ICML"
}

@article(Stoianov12,
author="I. Stoianov and M. Zorzi",
title="Emergence of a `visual number sense' in hierarchical generative models",
year="2013",
journal="Nature Neuroscience"
} 

@article(Roitman07, 
author="J. D. Roitman, E. M. Brannon, M. L. Platt", 
title="Monotonic Coding of Numerosity in Macaque Lateral Intraparietal Area", 
year="2007", 
journal="PLoS Biol 5(8): e208. doi:10.1371/journal.pbio.0050208" 
} 

@article(Dehaene97,
author="S. Dehaene"
title="The Number Sense",
year="1997",
journal="Oxford University Press, Penguin press, New York, Cambridge (UK)"
}

@article(Hassenstein74,
author="B. Hassenstein",
title="Otto Koehler - his life and his work.",
year="1974",
journal="Z. Tierpsychol. 35, 449-464"
}

@article(Nieder05,
author="A. Nieder",
title="Counting on Neurons: The Neurobiology of Numerical Competence",
year="2005",
journal="Nature Reviews Neuroscience"
}

@article{Nieder09,
author="A. Nieder and S. Dehaene",
title="Representation of Number in the Brain",
year="2009",
journal="Annual Review of Neuroscience"
}

@inproceedings{Le11,
author="Q. V. Le and W. Y. Zou and S. Y. Yeung and A. Y. Ng",
title="Learning Hierarchical Spatio-temporal Features for Action Recognition with Independent Subspace Analysis",
year="2011",
booktitle="CVPR"
}

@inproceedings{Yu11,
author="K. Yu and Y. Lin and J. Lafferty",
title="Learning Image Representations from the Pixel Level via Hierarchical Sparse Coding",
year="2011",
booktitle="CVPR"
}

@inproceedings{Yang09,
author="J. Yang and K. Yu and Y. Gong and T. Huang",
title="Linear Spatial Pyramid Matching Using Sparse Coding for Image Classification",
year= "2009",
booktitle="CVPR"
}

@article(Fodiak91,
author="P. Fodiak",
title="Learning Invariance from Transformation Sequences",
year="1991",
journal="Neural Computation"
}

@inproceedings{Kumar09,
author="N. Kumar and A. C. Berg, P. N. Belhumeur and S. K. Nayar",
title="Attribute and Simile Classifiers for Face Verification", 
year="2009",
booktitle="ICCV"
}

@inproceedings{Coates11,
author="A. Coates, H. Lee, A. Y. Ng",
title="An Analysis of Single Layer Networks in Unsupervised Feature Learning",
year="2011",
booktitle="AISTATS"
}

@inproceedings{Fei-Fei04,
author="L. Fei-Fei and R. Fergus and P. Perona",
title = "Learning generative visual models from few training examples: an incremental Bayesian approach tested on 101 object categories"
year="2004",
booktitle="CVPR Workshop on Generative-Models Based Vision. 2004"
}

@techreport{Nene96,
author="S. A. Nene and S. K. Nayar and H. Murase",
title="Columbia Object Image Library (COIL-100)",
year="1996",
institute="Columbia University"
}

@inproceedings{Cadieu09,
author="C. Cadieu and B. Olshausen",
title = "Learning Tranformational Invariants from Natural Movies",
year="2009",
booktitle="NIPS"
booktitle="NIPS"
}

@inproceedings{Lee07,
author="H. Lee and C. Ekanadham and A. Y. Ng",
title = "Sparse Deep Belief Net Model for Visual Area V2",
year="2007",
booktitle="NIPS"
}

@inproceedings{Stavens10,
author="D. Stavens, S. Thrun", 
title = "Unsupervised Learning of Invariant Features Using Video",
year="2010",
booktitle="CVPR"
}

@inproceedings{Leistner11,
author="C. Leistner and M. Godec and S. Schulter and M. Werlberger and A. Saffari and H. Bischof",
title = "Improving Classifiers with Unlabeled Weakly-Related Videos",
year="2011",
booktitle="CVPR"
}

@article{Viola05,
author="P. Viola and M. J. Jones and D. Snow",
title="Detecting Pedestrians Using Patterns of Motion and Appearance",
year="2005",
journal="International Journal of Computer Vision"
}

@inproceedings{Coates11a,
author="A. Coates and A. Ng",
title = "The Importance of Encoding Versus Training with Sparse Coding and Vector Quantization",
year="2011",
booktitle="ICML"
}

@inproceedings{Coates10,
author="A. Coates and H. Lee and A. Ng",
title = "An Analysis of Single-Layer Networks in Unsupervised Feature Learning", 
year="2010",
booktitle="AISTATS 14"
}
@article{Lowe04a,
author="D.G. Lowe",
title="Distinctive image features from scale-invariant keypoints",
year="2004"
journal="International Journal of Computer Vision"
}

@inproceedings{Olshausen09,
author="B. Olshausen and C. Cadieu and D.K. Warland",
title="Learning real and complex overcomplete representations from the statistics of natural images",
booktitle="Proc. SPIE 7446 74460S",
year="2009"
}

@article{Stone96,
title="Learning Perceptually Salient Visual Parameters Using Spatiotemporal Smoothness constraints",
year = "1996",
author="J.~V. Stone",
journal="Neural Computation"
}

@article{Kording04,
author="K. P. Kording and C. Kayser and W. Einhauser and P. Konig",
year=2004,
title="How are complex cell properties adapted to the statistics of natural scenes?",
journal="Journal of Neurophysiology",
}

@inproceedings{Bergstra10,
title="Slow, Decorrelated Features for Pretraining Complex Cell-like Networks",
author="J. Bergstra and Y. Bengio",
year="2010",
booktitle="NIPS"
}

@article{Grimes05,
title="Bilinear Sparse Coding for Invariant Vision",
author="D. B. Grimes, R. P. N. Rao"
year="2005",
journal="Neural Computation"
}

@inproceedings{Olshausen07,
author="B. Olshausen and C. Cadieu and J. Culpepper and D.K. Warland",
title="Bilinear Models of Natural Images",
booktitle="Proc. SPIE 6492",
year="2007"
}

@inproceedings{Zemel91,
author="R.~S. Zemel and G.~E. Hinton", 
title="Discovering viewpoint-invariant relationships that characterize objects",
booktitle="NIPS",
year="1991"
}

@inproceedings{Koster09,
author="U. Koster, J. Lindgren, M. Gutmann and A. Hyvarinen",
title="Learning Natural Image Structure with a Horiontal Product Model",
booktitle="Proc. Int. Conf. on Independent Component Analysis and Blind Source Separation"
year="2009"
}

@article{Hyvarinen03,
title="Bubbles: a unifying framework for low-level statistical properties of natural image sequences",
author="A. Hyvarinen and J. Hurri and J. Vayrynen",
year="2003",
journal="Optical Society of America"
}
@article{Kording04,
author="K. Kording and C. Kayser and W. Einhauser and P. Konig",
title="How are complex cell properties adapted to the statistics of natural stimuli",
year="2003",
journal="Journal of Neurophysiology"
}
@article{Stone96,
title="Learning Perceptually Salient Visual Parameters Using Spatiotemporal Smoothness constraints",
year = "1996",
author="J.~V. Stone",
journal="Neural Computation"
}

@article{Hashimoto03,
author="W. Hashimoto",
year="2003",
title="Quadratic forms in natural images",
journal="Network: Computation in Neural systems",
}
@inproceedings{Franzius08,
author="M. Franzius and N. Wilbert and L. Wiskott",
title="Invariant Object recognition with Slow Feature Analysis",
year="2008",
booktitle="ICANN"
}
@misc{minConf2005,
author="M. Schmidt",
title="min{Conf}",
year=2005,
url="http://www.cs.ubc.ca/~schmidtm/Software/minFunc.html"
}

@misc{minFunc2005,
author="M. Schmidt",
title="{minFunc}",
year=2005,
url="http://www.cs.ubc.ca/~schmidtm/Software/minFunc.html"
}
@inproceedings{Seo09,
title="Detection of Human Actions from a Single Example",
author="H.~J. Seo and P. Milanfar",
year="2009",
booktitle="ICCV"
}
@article{Oik06,
 title={{Spatiotemporal salient points for visual recognition of
human actions}},
 author={Oikonomopoulos, A. and Patras, I. and Pantic, M.},
 journal={IEEE Trans. Systems, Man, and Cybernetics},
 year={2006}
}
@article{Miko2004,
title="A Comparison of Affine Region Detectors",
author="K. Mikolajczyk  and T. Tuytelaars  and C. Schmid and A. Zisserman and J. Matas and F. Schaffalitzky AND T. Kadir and L. Van Gool", 
year=2004,
journal="IJCV"
}
@inproceedings{Liu09,
author="J. Liu and J. Luo and M. Shah",
title={Recognizing Realistic Actions from Videos ``in the {Wild}''},
booktitle="CVPR", 
year=2009
}
@inproceedings{Ols00,
author="B. A. Olshausen", 
title="Sparse coding of time-varying natural images",
booktitle="ICA", 
year=2000
}
@article{Berkes05,
author="P. Berkes and L. Wiskott",
title="Slow feature analysis yields a rich repertoire of complex cell properties",
journal="Journal of Vision",
year=2005
}

@book{rumelhart1988learning,
  title={Learning representations by back-propagating errors},
  author={Rumelhart, David E and Hinton, Geoffrey E and Williams, Ronald J},
  year={1988},
  publisher={MIT Press, Cambridge, MA, USA}
}

@inproceedings{Boureau10,
author="Y-Lan Boureau and Francis Bach and Yann LeCun and Jean Ponce",
title="Learning Mid-Level Features for Recognition",
booktitle="CVPR", 
year="2010"
}
@inproceedings{Lowe1999,
author="David Lowe",
year=1999,
title="Object recognition from local scale-invariant features",
booktitle="ICCV"
}
@article{Niebles,
title="Unsupervised learning of human action categories using spatial-temporal words",
author="J.C. Niebles and H. Wang and L. Fei-Fei",
year=2008,
journal="IJCV"
}
@inproceedings{Shuiwang2010,
title="{3D} Convolutional Neural Networks for Human action recognition",
author="Shuiwang Ji and Wei Xu and Ming Yang and Kai Yu",
year="2010",
booktitle="ICML"
}
@article{Wersing03,
author="H. Wersing and E. Kr{\"{o}}ner",
year=2003,
title="Learning Optimized Features for Hierarchical Models of Invariant Object Recognition",
journal="Neural Computation",
}

@inproceedings{Jhuang2007,
author="H. Jhuang and T. Serre and L. Wolf and T. Poggio",
title="A biologically inspired system for action recognition",
booktitle="ICCV",
year=2007
}
@inproceedings{Kanan2010,
title="Robust Classification of Objects, Faces, and Flowers Using Natural Image Statistics",
author="Christopher Kanan and Garrison Cottrell",
booktitle="CVPR",
year=2010
}
@inproceedings{Bay2008,
author="Herbert Bay and Andreas Ess and Tinne Tuytelaars and Luc Van Gool",
title="{SURF}: Speeded Up Robust Features",
booktitle="CVIU",
year="2008"
}
@article{Mikolajczyk2005,
  author       = "Krystian Mikolajczyk and Cordelia Schmid",
  title        = " A performance evaluation of local descriptors",
  journal      = "PAMI",
  number       = "10",
  volume       = "27",
  pages        = "1615--1630",
  year         = "2005",
  keywords     = "LEAR, LAVA",
  url          = "http://lear.inrialpes.fr/pubs/2005/MS05"
}
@inproceedings{Le10,
author="Q.~V. Le and J. Ngiam and Z. Chen and D. Chia and P.~W. Koh and A.~Y. Ng", 
title="Tiled Convolutional Neural Networks",
booktitle="Advances in Neural Information Processing Systems",
year=2010
}
@inproceedings{Mar09,
author="M. Marzalek and I. Laptev and C. Schmid", 
title="Actions in context",
booktitle="CVPR",
year=2009
}
@inproceedings{Rodriguez08,
author="M. Rodriguez and J. Ahmed and M. Shah",
title="Action mach: A spatio-temporal maximum average correlation height filter for action recognition",
year=2008,
booktitle="ICCV"
}
@inproceedings{Schuldt04,
author="C. Schuldt and I. Laptev and B. Caputo",
title="Recognizing human actions: A local {SVM} approach",
year=2004,
booktitle="ICPR"
}
@inproceedings{Harris88,
title="A combined corner and edge detector",
author="C. Harris and M.J. Stephens",
year=1988,
booktitle="Alvey Vision Conference"
}
@inproceedings{Willems08,
title="An efficient dense and scale-invariant spatio-temporal interest point detector",
author="G. Willems and T. Tuytelaars and L. Van Gool",
year=2008,
booktitle="ECCV"
}
@inproceedings{Klaser08,
author="A. Klaser and M. Marszalek and C. Schmid",
title="A spatio-temporal descriptor based on {3D} gradients",
booktitle="BMVC",
year=2008
}
@inproceedings{Laptev08,
author="I. Laptev and M. Marszalek and C. Schmid and B. Rozenfeld",
title="Learning realistic human actions from movies",
booktitle="CVPR",
year=2008
}
@inproceedings{Dollar05,
author="P. Dollar and V. Rabaud and G. Cottrell and S. Belongie",
title="Behavior recognition via sparse spatio-temporal features",
year=2005,
booktitle="VS-PETS"
}
@inproceedings{Laptev03,
title="Space-time interest points",
author="I. Laptev and T. Linderberg",
booktitle="ICCV",
year=2003
}
@inproceedings{Wang10,
author="Heng Wang and Muhammad Muneeb Ullah and Alexander Klaser and Ivan Laptev and Cordelia Schmid",
title="Evaluation of local spatio-temporal features for action recognition",
year=2010,
booktitle="BMVC"
}
@inproceedings{Taylor10,
title="Convolutional Learning of Spatio-temporal Features",
author="G.W. Taylor and R. Fergus and Y. Lecun and C. Bregler",
year=2010,
booktitle="ECCV"
}
@article{Hateren98b,
author="J.H. van Hateren and D.L. Ruderman",
title="Independent component filters of natural images compared with simple cells in primary visual cortex",
journal="Proc Royal Society",
year=1998
}
@inproceedings{Dal:05,
author="N. Dalal and B. Triggs",
title="Histograms of oriented gradients for human detection",
booktitle="CVPR",
year=2005
}
@inproceedings{Low:04,
title="Distinctive Image Features from Scale-Invariant Keypoints",
author="D. Lowe",
booktitle="IJCV", 
year=2004
}
@article{Hinton06a,
title="Reducing the Dimensionality of Data with Neural Networks",
author="G. E. Hinton and R.R. Salakhutdinov",
year=2006,
journal="Science"
}
@article{Lew00,
title="Learning overcomplete representations",
author=" M.S. Lewicki and T.J. Sejnowski",
year=2000,
journal="Neural Computation"
}
@inproceedings{Ran06,
title="Efficient Learning of Sparse Representations with an Energy-Based Model",
author="M.A. Ranzato and C. Poultney and S. Chopra and Y. LeCun",
booktitle="Advances in Neural Information Processing Systems",
year=2006
}
@inproceedings{Sal10,
title="Efficient Learning of {D}eep {B}oltzmann {M}achines",
author="R. Salakhutdinov and H. Larochelle",
booktitle="AISTATS",
year=2010
}
@inproceedings{Bengio07a,
title="Scaling learning algorithms towards {AI}", 
author="Y. Bengio and Y. LeCun", 
booktitle="Large-Scale Kernel Machines",
year="2007"
}

@inproceedings{Mobahi09,
title="Deep Learning from Temporal Coherence in Video", 
author="H. Mobahi and R. Collobert and Jason Weston", 
booktitle="ICML",
year="2009"
}

@article{Hyvarinen05a,
title="Statistical model of natural stimuli predicts edge-like pooling of 
spatial frequency channels in V2",
author="A. Hyvarinen and A. Gutmann and P.O. Hoyer",
journal="BMC Neuroscience",
year="2005"
}

@book{Hyvarinenbook2009,
title="Natural Image Statistics",
author="A. Hyvarinen and J. Hurri and P.O. Hoyer",
publisher="Springer",
year="2009"
}
@book{DehaeneBook2011,
title="The Number Sence",
author="S. Dehaene",
publisher="New York: Oxford University Press",
year="2011"
}
@techreport{Des08,
author="G. Desjardins and Y. Bengio",
title="Empirical evaluation of convolutional RBMs for vision",
year="2008",
institute="University of Montreal"
}
@article{Lecun95,
author="Y. LeCun and Y. Bengio", 
title="Convolutional networks for images, speech, and time-
series",
journal="The Handbook of Brain Theory and Neural Networks",
year="1995"
}
@inproceedings{Bergstra10,
title="Slow, Decorrelated Features for Pretraining Complex Cell-like Networks",
author="J. Bergstra and Y. Bengio",
year="2010",
booktitle="Advances in Neural Information Processing Systems",
}
@article{Hyvarinen05,
author="A. Hyvarinen",
title="Estimation of non-normalized statistical models using score matching",
journal="JMLR",
year="2005"
}
@inproceedings{Koster07,
title="A Two-layer ICA-like model estimated by Score Matching",
author="U. Koster and A. Hyvarinen",
year="2007",
booktitle="ICANN"
}
@inproceedings{Raina09,
title="Large-scale Deep Unsupervised Learning using Graphics Processors",
author="R. Raina and A. Madhavan and Andrew Y. Ng",
booktitle="ICML",
year="2009"
}
@article{Ols05,
title="How Close Are We to Understanding V1?",
author="B.A. Olshausen and D.J. Field",
year="2005",
journal="Neural Computation"
}

@article{Rie99,
author ="M. Riesenhuber and T. Poggio",
year ="1999",
title="Hierarchical Models of Object Recognition in Cortex",
journal="Nature Neuro."
}
@article{Quiroga05,
author="R.Q. Quiroga and L. Reddy and G. Kreiman and C. Koch and I. Fried",
title ="Invariant visual representation
by single neurons in the human brain",
journal="Nature",
year="2005"
}
@inproceedings{Raina07,
title="Self-taught Learning: Transfer Learning from Unlabelled data",
author = "R. Raina and A. Battle and H. Lee and B. Packer and A.Y. Ng",
booktitle="ICML",
year="2007"
}
@inproceedings{Lee09,
title="Convolutional Deep Belief Networks
for Scalable Unsupervised Learning of Hierarchical Representations",
author = "H. Lee and R. Grosse and R. Ranganath and A.Y. Ng",
booktitle="ICML",
year=2009
}
@article{Lecun98,
author = "Y. Le{Cun} and L. Bottou and Y. Bengio and P. Haffner",
title = "Gradient Based Learning Applied to Document Recognition",
journal = "Proceeding of the IEEE",
year="1998"
}
@techreport{Kriz09,
author = "A. Krizhevsky",
title = "Learning Multiple Layers of Features from Tiny Images",
institution = "U. Toronto",
year="2009"
}
@article{Pollen83,
author = "D. Pollen and S. Ronner",
title = "Visual cortical neurons as localized spatial frequency filters",
journal = "IEEE Transactions on Systems, Man and Cybernetics",
year="1983"
}
@article{Spitzer85,
author="H. Spitzer and S. Hochstein",
year="1985",
title="A complex-cell receptive-field model", 
journal="Journal of Neurophysiology"
}
@article{Hateren98, 
title="Independent component analysis of natural
image sequences yields spatio-temporal filters similar to simple cells
in primary visual cortex",
author="J.H. van~Hateren and D.L. Ruderman",
year="1998",
journal="Proceedings of the Royal Society: Biological Sciences",
}
@inproceedings{Goodfellow10,
  author = "I. Goodfellow and Q.V. Le and A. Saxe and H. Lee and A.Y. Ng",
  title = "Measuring invariances in deep networks",
  year = "2010",
  booktitle="Advances in Neural Information Processing Systems",
}
@article{Hinton06,
  author = "G.E. Hinton and S. Osindero and Y.W. Teh",
  title = "A fast learning algorithms for deep belief nets",
  year = "2006",
  journal = "Neural Computation"
}
@inproceedings{Bengio07,
  author = "Y. Bengio and P. Lamblin and D. Popovici and H. Larochelle",
  title = "Greedy Layerwise training of Deep Networks",
  year = "2007",
  booktitle = "NIPS"
}
@inproceedings{Karklin06,
  author = "Y. Karklin and M.S. Lewicki",
  title = "Is early vision optimized for extracting higher-order dependencies?",
  year = "2006",
  booktitle = "NIPS"
}
@article{Karklin05,
  author = "Y. Karklin and M.S. Lewicki",
  title = "A hierarchical bayesian model for learning non-linear statistical regularities in non-stationary natural signals",
  year = "2005",
  journal = "Neural Computation"
}
@article{Osindero06,
  author = "S. Osindero and M. Welling and G.E. Hinton",
  title = "Topographic product models applied to natural scene statistics",
  year = "2006",
  journal = "Neural Computation"
}
@article{Olshausen96,
  author = "B. Olshausen and D. Field",
  title = "Emergence of simple-cell receptive field properties by learning a sparse code for natural images",
  year = "1996",
  journal = "Nature"
}
@article{Olshausen97,
  author = "B. Olshausen and D. Field",
  title = "Sparse coding with an overcomplete basis set: A strategy employed by V1",
  year = "1997",
  journal = "Vision Research"
}
@article{Conon94,
  author = "P. Conon",
  title = "Indpendent component analysis - a new concept?",
  year = "1994",
  journal = "Signal Processing"
}
@article{HubelWiesel59,
  author = "D. H. Hubel and T.N. Wiesel",
  title = "Receptive fields of single neurons in the the cat's visual cortex",
  year = "1959",
  journal = "J. Phys."
}
@article{HubelWiesel62,
  author = "D. H. Hubel and T.N. Wiesel",
  title = "Receptive fields, binocular interaction and functional
                  architecture in the cat's visual cortex",
  year = "1962",
  journal = "J. Phys."
}

@article{HubelWiesel65,
  author = "D. H. Hubel and T.N. Wiesel",
  title = "Receptive fields and functional architecture in two nonstriate visual areas (18 and 19) of the cat",
  year = "1965",
  journal = "J. Neurophys."
}

@article{HubelWiesel68,
  author = "D. H. Hubel and T.N. Wiesel",
  title = "Receptive fields and functional architecture of monkey striate cortex",
  year = "1968",
  journal = "J. Phys."
}
@TechReport{Serre05, 
  author = "T. Serre and M. Kouh and C. Cadieu and
  U. Knoblich and G. Kreiman and T. Poggio", 
  title = "A Theory of
  Object Recognition: Computations and Circuits in the Feedforward
  Path of the Ventral Stream in Primate Visual Cortex", 
  institution = "MIT", 
  year = "2005", 
  address = "Cambridge, MA"
}

@TechReport{Masquelier05, 
  author = "T. Masquelier and T. Serre and S. Thorpe and T. Poggio", 
  title = "Learning complex cell invariance from natural videos: A plausibility proof", 
  institution = "MIT", 
  year = "2005", 
  address = "Cambridge, MA"
}

@article{Hyvarinen2000,
title="Emergence of Phase- and Shift-Invariant Features by
Decomposition of Natural Images into Independent Feature
Subspaces",
author="A. Hyvarinen and P. Hoyer",
journal="Neural Computation",
year="2000"
}
@article{Hyvarinen2001,
title="Topographic independent component analysis as a model of V1 organization and receptive fields",
author="A. Hyvarinen and P. Hoyer",
journal="Neural Computation",
year="2001"
}
@book{Hyvarinenbook2001,
title="Independent Component Analysis",
author="A. Hyvarinen and J. Karhunen and E. Oja",
publisher="Wiley Interscience",
year="2001"
}
@article{Berkes2005,
title="Slow Feature Analysis Yields a Rich Repertoire of Complex Cell Properties",
author="P. Berkes and L. Wiskott",
year="2005",
journal="Journal of Vision"
}

@article{Foldiak91,
author ="P. Foldiak",
year="1991",
title="Learning Invariance from Transformation Sequences",
journal="Neural Computation"
}

@inproceedings{Kav:09,
author="K. Kavukcuoglu and M.A. Ranzato and R. Fergus and Y. LeCun",
title="Learning Invariant Features through Topographic Filter Maps", 
booktitle="CVPR",
year ="2009"
}
@inproceedings{Kav:10,
author="K. Kavukcuoglu and P. Sermanet and Y. Boureau and K. Gregor and M. Mathieu and Y. LeCun",
title="Learning Convolutional Feature Hierarchies for Visual Recognition",
booktitle="NIPS",
year ="2010"
}

@inproceedings{Lecun:04,
author="Y. Le{Cun} and F.J. Huang and L. Bottou",
title="Learning Methods for Generic Object Recognition with Invariance to Pose and Lighting", 
booktitle="CVPR",
year="2004"
}
@inproceedings{Nair09,
title="{3D} Object Recognition with Deep Belief Nets",
author="V. Nair and G. Hinton",
booktitle="NIPS",
year="2009"
}
@inproceedings{Jar09,
author="K. Jarrett, K. Kavukcuoglu, M.A. Ranzato and Y. LeCun",
title="What is the Best Multi-Stage Architecture for Object Recognition?", 
booktitle="ICCV", 
year="2009"
}

@article{Fan08,
author="R.E. Fan and K.W. Chang and C.J. Hsieh and X.R. Wang and C.J. Lin.",
title="{LIBLINEAR}: A library for large linear classification",
journal="JMLR",
year="2008",
volume="9", 
pages="1871-1874"
} 
@book{Boyd04,
title="Convex Optimization",
author="S. Boyd and L. Vandenberghe",
publisher="Cambridge University Press",
year="2004"
}
@article{Lar09,
title="Exploring Strategies for Training Deep Neural Networks",
author="H. Larochelle and Y. Bengio and J. Louradour and P. Lamblin",
journal="JMLR",
year="2009"
}

@article{Bengio2009,
    author = {Y. Bengio},
     title = {Learning deep architectures for {AI}},
   journal = {Foundations and Trends in Machine Learning},
      year = {2009}
}
@article{Rie00,
title="Models of object recognition",
author="M. Riesenhuber and T. Poggio",
journal="Nature",
year=2000
}
